{1:F01SNSBNL2AXXXX0000000000}{2:O94000000000000000000000000000000000000000N}{3:}{4:
:20:0000000000
:25:NL72SNSB0898519659
:28C:278/1
:60F:C161004EUR108,49
:61:1610041004C9147,60NOVBNL17RBOS0615568319
sthree holdings bv
:86:NL17RBOS0615568319 sthree holdings bv
                                                                 
F110000055-NL17RBOS0615568319-STHREE HOLDINGS BV-NO.201608/5.9.20
16                                                               
                                                                 
                                                                 
:62F:C161004EUR9256,09
-}{5:}
{1:F01SNSBNL2AXXXX0000000000}{2:O94000000000000000000000000000000000000000N}{3:}{4:
:20:0000000000
:25:NL72SNSB0898519659
:28C:279/1
:60F:C161005EUR9256,09
:61:1610041005D9147,60NIOBNL92SNSB0908995105
sns zakelijk sparen
:86:NL92SNSB0908995105 sns zakelijk sparen
                                                                 
van lopende naar spaarrekening                                   
                                                                 
                                                                 
                                                                 
:62F:C161005EUR108,49
-}{5:}
{1:F01SNSBNL2AXXXX0000000000}{2:O94000000000000000000000000000000000000000N}{3:}{4:
:20:0000000000
:25:NL72SNSB0898519659
:28C:280/1
:60F:C161006EUR108,49
:62F:C161006EUR108,49
-}{5:}
{1:F01SNSBNL2AXXXX0000000000}{2:O94000000000000000000000000000000000000000N}{3:}{4:
:20:0000000000
:25:NL72SNSB0898519659
:28C:281/1
:60F:C161007EUR108,49
:61:1610061007D1,68NKNT//14813624
:86: 
                                                                 
TRANSACTIERAPPORTAGEKOSTEN EB   TOT  1-10-2016                   
    24 x    0,07                                                 
                                                                 
                                                                 
:61:1610061007D9,00NKST//14813624
:86: 
                                                                 
ABONNEMENTSKOSTEN               SNS INTERNET BANKIEREN           
1-07-2016 TOT  1-10-2016                                         
                                                                 
                                                                 
:61:1610071007D11,55NBEA//9lmcqh/285471
:86: 
                                                                 
Eetcafe Dims          >HOOGLANDE 7.10.2016 13U31 KV007 6GKJ01   M
CC:5812                                                          
                                                                 
                                                                 
:62F:C161007EUR86,26
-}{5:}
{1:F01SNSBNL2AXXXX0000000000}{2:O94000000000000000000000000000000000000000N}{3:}{4:
:20:0000000000
:25:NL72SNSB0898519659
:28C:282/1
:60F:C161008EUR86,26
:62F:C161008EUR86,26
-}{5:}
{1:F01SNSBNL2AXXXX0000000000}{2:O94000000000000000000000000000000000000000N}{3:}{4:
:20:0000000000
:25:NL72SNSB0898519659
:28C:283/1
:60F:C161009EUR86,26
:62F:C161009EUR86,26
-}{5:}
{1:F01SNSBNL2AXXXX0000000000}{2:O94000000000000000000000000000000000000000N}{3:}{4:
:20:0000000000
:25:NL72SNSB0898519659
:28C:284/1
:60F:C161010EUR86,26
:61:1610101010D1,00NBEA//9lpykb/084089
:86: 
                                                                 
Albron@Stater         >AMERSFOOR10.10.2016 12U09 KV007 571G3R   M
CC:5811 Contactloze betaling                                     
                                                                 
                                                                 
:62F:C161010EUR85,26
-}{5:}
{1:F01SNSBNL2AXXXX0000000000}{2:O94000000000000000000000000000000000000000N}{3:}{4:
:20:0000000000
:25:NL72SNSB0898519659
:28C:285/1
:60F:C161011EUR85,26
:62F:C161011EUR85,26
-}{5:}
{1:F01SNSBNL2AXXXX0000000000}{2:O94000000000000000000000000000000000000000N}{3:}{4:
:20:0000000000
:25:NL72SNSB0898519659
:28C:286/1
:60F:C161012EUR85,26
:61:1610121012D0,92NBEA//9lt6lb/158745
:86: 
                                                                 
Albron@Stater         >AMERSFOOR12.10.2016 12U09 KV007 M2WTJ3   M
CC:5811 Contactloze betaling                                     
                                                                 
                                                                 
:62F:C161012EUR84,34
-}{5:}
{1:F01SNSBNL2AXXXX0000000000}{2:O94000000000000000000000000000000000000000N}{3:}{4:
:20:0000000000
:25:NL72SNSB0898519659
:28C:287/1
:60F:C161013EUR84,34
:62F:C161013EUR84,34
-}{5:}
{1:F01SNSBNL2AXXXX0000000000}{2:O94000000000000000000000000000000000000000N}{3:}{4:
:20:0000000000
:25:NL72SNSB0898519659
:28C:288/1
:60F:C161014EUR84,34
:62F:C161014EUR84,34
-}{5:}
{1:F01SNSBNL2AXXXX0000000000}{2:O94000000000000000000000000000000000000000N}{3:}{4:
:20:0000000000
:25:NL72SNSB0898519659
:28C:289/1
:60F:C161015EUR84,34
:61:1610141015D12,04NOVBNL50RABO0157979369
pc extreme bv
:86:NL50RABO0157979369 pc extreme bv
                                                                 
FAC693770-11336                                                  
                                                                 
                                                                 
                                                                 
:62F:C161015EUR72,30
-}{5:}
{1:F01SNSBNL2AXXXX0000000000}{2:O94000000000000000000000000000000000000000N}{3:}{4:
:20:0000000000
:25:NL72SNSB0898519659
:28C:290/1
:60F:C161016EUR72,30
:61:1610011016D17,38NKST
:86: 
                                                                 
RENTE, PROVISIE EN KOSTEN       01-07-16 TOT 01-10-16            
                                                                 
                                                                 
                                                                 
:62F:C161016EUR54,92
-}{5:}
{1:F01SNSBNL2AXXXX0000000000}{2:O94000000000000000000000000000000000000000N}{3:}{4:
:20:0000000000
:25:NL72SNSB0898519659
:28C:291/1
:60F:C161017EUR54,92
:61:1610171017D25,99NINCNL83DEUT0265121817
vodafone-libertel n.v.
:86:NL83DEUT0265121817 vodafone-libertel n.v.
                                                                 
Europese incasso door:Vodafone-Libertel N.V. NL-Klant Nr 37057117
2/370571172 September Factuur Nr 314957437416 zie my.vodafone.nl-
Incassant ID: NL85ZZZ140522640000-Kenmerk Machtiging: 33266911M-1
72U000665759904                                                  
:62F:C161017EUR28,93
-}{5:}
{1:F01SNSBNL2AXXXX0000000000}{2:O94000000000000000000000000000000000000000N}{3:}{4:
:20:0000000000
:25:NL72SNSB0898519659
:28C:292/1
:60F:C161018EUR28,93
:62F:C161018EUR28,93
-}{5:}
{1:F01SNSBNL2AXXXX0000000000}{2:O94000000000000000000000000000000000000000N}{3:}{4:
:20:0000000000
:25:NL72SNSB0898519659
:28C:293/1
:60F:C161019EUR28,93
:62F:C161019EUR28,93
-}{5:}
{1:F01SNSBNL2AXXXX0000000000}{2:O94000000000000000000000000000000000000000N}{3:}{4:
:20:0000000000
:25:NL72SNSB0898519659
:28C:294/1
:60F:C161020EUR28,93
:62F:C161020EUR28,93
-}{5:}
{1:F01SNSBNL2AXXXX0000000000}{2:O94000000000000000000000000000000000000000N}{3:}{4:
:20:0000000000
:25:NL72SNSB0898519659
:28C:295/1
:60F:C161021EUR28,93
:61:1610201021C9600,00NIOBNL92SNSB0908995105
fz it
:86:NL92SNSB0908995105 fz it
                                                                 
van spaar naar lopende                                           
                                                                 
                                                                 
                                                                 
:61:1610201021D9600,00NIOBNL85SNSB0918663318
j f zwijze
:86:NL85SNSB0918663318 j f zwijze
                                                                 
naar prive                                                       
                                                                 
                                                                 
                                                                 
:61:1610211021C5930,00NIOBNL92SNSB0908995105
fz it
:86:NL92SNSB0908995105 fz it
                                                                 
van spaar naar lopende rekening                                  
                                                                 
                                                                 
                                                                 
:61:1610211021D5930,00NIOBNL85SNSB0918663318
j f zwijze
:86:NL85SNSB0918663318 j f zwijze
                                                                 
naar prive                                                       
                                                                 
                                                                 
                                                                 
:62F:C161021EUR28,93
-}{5:}
{1:F01SNSBNL2AXXXX0000000000}{2:O94000000000000000000000000000000000000000N}{3:}{4:
:20:0000000000
:25:NL72SNSB0898519659
:28C:296/1
:60F:C161022EUR28,93
:62F:C161022EUR28,93
-}{5:}
{1:F01SNSBNL2AXXXX0000000000}{2:O94000000000000000000000000000000000000000N}{3:}{4:
:20:0000000000
:25:NL72SNSB0898519659
:28C:297/1
:60F:C161023EUR28,93
:62F:C161023EUR28,93
-}{5:}
{1:F01SNSBNL2AXXXX0000000000}{2:O94000000000000000000000000000000000000000N}{3:}{4:
:20:0000000000
:25:NL72SNSB0898519659
:28C:298/1
:60F:C161024EUR28,93
:62F:C161024EUR28,93
-}{5:}
{1:F01SNSBNL2AXXXX0000000000}{2:O94000000000000000000000000000000000000000N}{3:}{4:
:20:0000000000
:25:NL72SNSB0898519659
:28C:299/1
:60F:C161025EUR28,93
:61:1610241025D1,08NKST
:86: 
                                                                 
MAANDELIJKSE KOSTEN WERELDPAS   KAARTNR. 007  TEN NAME VAN      Z
WIJZE J F                                                        
                                                                 
                                                                 
:61:1610251025C19800,00NIOBNL92SNSB0908995105
fz it
:86:NL92SNSB0908995105 fz it
                                                                 
van spaar naar lopende rekening                                  
                                                                 
                                                                 
                                                                 
:61:1610251025D19800,00NIOBNL85SNSB0918663318
j f zwijze
:86:NL85SNSB0918663318 j f zwijze
                                                                 
naar prive                                                       
                                                                 
                                                                 
                                                                 
:62F:C161025EUR27,85
-}{5:}
{1:F01SNSBNL2AXXXX0000000000}{2:O94000000000000000000000000000000000000000N}{3:}{4:
:20:0000000000
:25:NL72SNSB0898519659
:28C:300/1
:60F:C161026EUR27,85
:62F:C161026EUR27,85
-}{5:}
{1:F01SNSBNL2AXXXX0000000000}{2:O94000000000000000000000000000000000000000N}{3:}{4:
:20:0000000000
:25:NL72SNSB0898519659
:28C:301/1
:60F:C161027EUR27,85
:62F:C161027EUR27,85
-}{5:}
{1:F01SNSBNL2AXXXX0000000000}{2:O94000000000000000000000000000000000000000N}{3:}{4:
:20:0000000000
:25:NL72SNSB0898519659
:28C:302/1
:60F:C161028EUR27,85
:61:1610281028C14374,80NOVBNL17RBOS0615568319
sthree holdings bv
:86:NL17RBOS0615568319 sthree holdings bv
                                                                 
F110000081-NL17RBOS0615568319-STHREE HOLDINGS BV-NO.201609/29.9.2
016                                                              
                                                                 
                                                                 
:62F:C161028EUR14402,65
-}{5:}
{1:F01SNSBNL2AXXXX0000000000}{2:O94000000000000000000000000000000000000000N}{3:}{4:
:20:0000000000
:25:NL72SNSB0898519659
:28C:303/1
:60F:C161029EUR14402,65
:61:1610291029D14300,00NIOBNL92SNSB0908995105
sns zakelijk sparen
:86:NL92SNSB0908995105 sns zakelijk sparen
                                                                 
van lopende naar spaar                                           
                                                                 
                                                                 
                                                                 
:62F:C161029EUR102,65
-}{5:}
{1:F01SNSBNL2AXXXX0000000000}{2:O94000000000000000000000000000000000000000N}{3:}{4:
:20:0000000000
:25:NL72SNSB0898519659
:28C:304/1
:60F:C161030EUR102,65
:62F:C161030EUR102,65
-}{5:}
{1:F01SNSBNL2AXXXX0000000000}{2:O94000000000000000000000000000000000000000N}{3:}{4:
:20:0000000000
:25:NL72SNSB0898519659
:28C:305/1
:60F:C161031EUR102,65
:62F:C161031EUR102,65
-}{5:}
{1:F01SNSBNL2AXXXX0000000000}{2:O94000000000000000000000000000000000000000N}{3:}{4:
:20:0000000000
:25:NL72SNSB0898519659
:28C:306/1
:60F:C161101EUR102,65
:62F:C161101EUR102,65
-}{5:}
{1:F01SNSBNL2AXXXX0000000000}{2:O94000000000000000000000000000000000000000N}{3:}{4:
:20:0000000000
:25:NL72SNSB0898519659
:28C:307/1
:60F:C161102EUR102,65
:62F:C161102EUR102,65
-}{5:}
{1:F01SNSBNL2AXXXX0000000000}{2:O94000000000000000000000000000000000000000N}{3:}{4:
:20:0000000000
:25:NL72SNSB0898519659
:28C:308/1
:60F:C161103EUR102,65
:62F:C161103EUR102,65
-}{5:}
{1:F01SNSBNL2AXXXX0000000000}{2:O94000000000000000000000000000000000000000N}{3:}{4:
:20:0000000000
:25:NL72SNSB0898519659
:28C:309/1
:60F:C161104EUR102,65
:62F:C161104EUR102,65
-}{5:}
{1:F01SNSBNL2AXXXX0000000000}{2:O94000000000000000000000000000000000000000N}{3:}{4:
:20:0000000000
:25:NL72SNSB0898519659
:28C:310/1
:60F:C161105EUR102,65
:62F:C161105EUR102,65
-}{5:}
{1:F01SNSBNL2AXXXX0000000000}{2:O94000000000000000000000000000000000000000N}{3:}{4:
:20:0000000000
:25:NL72SNSB0898519659
:28C:311/1
:60F:C161106EUR102,65
:62F:C161106EUR102,65
-}{5:}
{1:F01SNSBNL2AXXXX0000000000}{2:O94000000000000000000000000000000000000000N}{3:}{4:
:20:0000000000
:25:NL72SNSB0898519659
:28C:312/1
:60F:C161107EUR102,65
:62F:C161107EUR102,65
-}{5:}
{1:F01SNSBNL2AXXXX0000000000}{2:O94000000000000000000000000000000000000000N}{3:}{4:
:20:0000000000
:25:NL72SNSB0898519659
:28C:313/1
:60F:C161108EUR102,65
:62F:C161108EUR102,65
-}{5:}
{1:F01SNSBNL2AXXXX0000000000}{2:O94000000000000000000000000000000000000000N}{3:}{4:
:20:0000000000
:25:NL72SNSB0898519659
:28C:314/1
:60F:C161109EUR102,65
:62F:C161109EUR102,65
-}{5:}
{1:F01SNSBNL2AXXXX0000000000}{2:O94000000000000000000000000000000000000000N}{3:}{4:
:20:0000000000
:25:NL72SNSB0898519659
:28C:315/1
:60F:C161110EUR102,65
:62F:C161110EUR102,65
-}{5:}
{1:F01SNSBNL2AXXXX0000000000}{2:O94000000000000000000000000000000000000000N}{3:}{4:
:20:0000000000
:25:NL72SNSB0898519659
:28C:316/1
:60F:C161111EUR102,65
:62F:C161111EUR102,65
-}{5:}
{1:F01SNSBNL2AXXXX0000000000}{2:O94000000000000000000000000000000000000000N}{3:}{4:
:20:0000000000
:25:NL72SNSB0898519659
:28C:317/1
:60F:C161112EUR102,65
:62F:C161112EUR102,65
-}{5:}
{1:F01SNSBNL2AXXXX0000000000}{2:O94000000000000000000000000000000000000000N}{3:}{4:
:20:0000000000
:25:NL72SNSB0898519659
:28C:318/1
:60F:C161113EUR102,65
:62F:C161113EUR102,65
-}{5:}
{1:F01SNSBNL2AXXXX0000000000}{2:O94000000000000000000000000000000000000000N}{3:}{4:
:20:0000000000
:25:NL72SNSB0898519659
:28C:319/1
:60F:C161114EUR102,65
:62F:C161114EUR102,65
-}{5:}
{1:F01SNSBNL2AXXXX0000000000}{2:O94000000000000000000000000000000000000000N}{3:}{4:
:20:0000000000
:25:NL72SNSB0898519659
:28C:320/1
:60F:C161114EUR102,65
:61:1611141114D26,72NINCNL83DEUT0265121817
vodafone-libertel n.v.
:86:NL83DEUT0265121817 vodafone-libertel n.v.
                                                                 
Europese incasso door:Vodafone-Libertel N.V. NL-Klant Nr 37057117
2/370571172 Oktober Factuur Nr 314960310452 zie my.vodafone.nl-In
cassant ID: NL85ZZZ140522640000-Kenmerk Machtiging: 33266911M-172
U000667617541                                                    
:62F:C161115EUR75,93
-}{5:}
{1:F01SNSBNL2AXXXX0000000000}{2:O94000000000000000000000000000000000000000N}{3:}{4:
:20:0000000000
:25:NL72SNSB0898519659
:28C:321/1
:60F:C161116EUR75,93
:62F:C161116EUR75,93
-}{5:}
{1:F01SNSBNL2AXXXX0000000000}{2:O94000000000000000000000000000000000000000N}{3:}{4:
:20:0000000000
:25:NL72SNSB0898519659
:28C:322/1
:60F:C161117EUR75,93
:62F:C161117EUR75,93
-}{5:}
{1:F01SNSBNL2AXXXX0000000000}{2:O94000000000000000000000000000000000000000N}{3:}{4:
:20:0000000000
:25:NL72SNSB0898519659
:28C:323/1
:60F:C161118EUR75,93
:62F:C161118EUR75,93
-}{5:}
{1:F01SNSBNL2AXXXX0000000000}{2:O94000000000000000000000000000000000000000N}{3:}{4:
:20:0000000000
:25:NL72SNSB0898519659
:28C:324/1
:60F:C161119EUR75,93
:62F:C161119EUR75,93
-}{5:}
{1:F01SNSBNL2AXXXX0000000000}{2:O94000000000000000000000000000000000000000N}{3:}{4:
:20:0000000000
:25:NL72SNSB0898519659
:28C:325/1
:60F:C161120EUR75,93
:62F:C161120EUR75,93
-}{5:}
{1:F01SNSBNL2AXXXX0000000000}{2:O94000000000000000000000000000000000000000N}{3:}{4:
:20:0000000000
:25:NL72SNSB0898519659
:28C:326/1
:60F:C161121EUR75,93
:62F:C161121EUR75,93
-}{5:}
{1:F01SNSBNL2AXXXX0000000000}{2:O94000000000000000000000000000000000000000N}{3:}{4:
:20:0000000000
:25:NL72SNSB0898519659
:28C:327/1
:60F:C161122EUR75,93
:62F:C161122EUR75,93
-}{5:}
{1:F01SNSBNL2AXXXX0000000000}{2:O94000000000000000000000000000000000000000N}{3:}{4:
:20:0000000000
:25:NL72SNSB0898519659
:28C:328/1
:60F:C161123EUR75,93
:62F:C161123EUR75,93
-}{5:}
{1:F01SNSBNL2AXXXX0000000000}{2:O94000000000000000000000000000000000000000N}{3:}{4:
:20:0000000000
:25:NL72SNSB0898519659
:28C:329/1
:60F:C161124EUR75,93
:62F:C161124EUR75,93
-}{5:}
{1:F01SNSBNL2AXXXX0000000000}{2:O94000000000000000000000000000000000000000N}{3:}{4:
:20:0000000000
:25:NL72SNSB0898519659
:28C:330/1
:60F:C161125EUR75,93
:61:1611251125D1,08NKST
:86: 
                                                                 
MAANDELIJKSE KOSTEN WERELDPAS   KAARTNR. 007  TEN NAME VAN      Z
WIJZE J F                                                        
                                                                 
                                                                 
:62F:C161125EUR74,85
-}{5:}
{1:F01SNSBNL2AXXXX0000000000}{2:O94000000000000000000000000000000000000000N}{3:}{4:
:20:0000000000
:25:NL72SNSB0898519659
:28C:331/1
:60F:C161126EUR74,85
:62F:C161126EUR74,85
-}{5:}
{1:F01SNSBNL2AXXXX0000000000}{2:O94000000000000000000000000000000000000000N}{3:}{4:
:20:0000000000
:25:NL72SNSB0898519659
:28C:332/1
:60F:C161127EUR74,85
:62F:C161127EUR74,85
-}{5:}
{1:F01SNSBNL2AXXXX0000000000}{2:O94000000000000000000000000000000000000000N}{3:}{4:
:20:0000000000
:25:NL72SNSB0898519659
:28C:333/1
:60F:C161128EUR74,85
:62F:C161128EUR74,85
-}{5:}
{1:F01SNSBNL2AXXXX0000000000}{2:O94000000000000000000000000000000000000000N}{3:}{4:
:20:0000000000
:25:NL72SNSB0898519659
:28C:334/1
:60F:C161129EUR74,85
:61:1611291129C13108,84NOVBNL17RBOS0615568319
sthree holdings bv
:86:NL17RBOS0615568319 sthree holdings bv
                                                                 
F110000090-NL17RBOS0615568319-STHREE HOLDINGS BV-NO.201610/1.11.2
016                                                              
                                                                 
                                                                 
:62F:C161129EUR13183,69
-}{5:}
{1:F01SNSBNL2AXXXX0000000000}{2:O94000000000000000000000000000000000000000N}{3:}{4:
:20:0000000000
:25:NL72SNSB0898519659
:28C:335/1
:60F:C161130EUR13183,69
:61:1611291130D13108,84NIOBNL92SNSB0908995105
fz it
:86:NL92SNSB0908995105 fz it
                                                                 
Van lopende naar spaar                                           
                                                                 
                                                                 
                                                                 
:62F:C161130EUR74,85
-}{5:}
